<record><leader>00000cas a22000007a 4500</leader><controlfield tag="001">16107103</controlfield><controlfield tag="008">870630d19641969iauwr ne      0    0eng d</controlfield><datafield ind1=" " ind2=" " tag="010"><subfield code="a">sn 87058428 </subfield></datafield><datafield ind1=" " ind2=" " tag="040"><subfield code="a">INP</subfield><subfield code="b">eng</subfield><subfield code="c">INP</subfield><subfield code="d">OCLCQ</subfield></datafield><datafield ind1=" " ind2=" " tag="042"><subfield code="a">msc</subfield></datafield><datafield ind1="0" ind2=" " tag="130"><subfield code="a">Parkersburg eclipse and the New Hartford review, consolidated (Parkersburg, Iowa : 1964)</subfield></datafield><datafield ind1="1" ind2="4" tag="245"><subfield code="a">The Parkersburg eclipse and the New Hartford review, consolidated.</subfield></datafield><datafield ind1="1" ind2="3" tag="246"><subfield code="a">Parkersburg eclipse</subfield></datafield><datafield ind1=" " ind2=" " tag="260"><subfield code="a">Parkersburg, Ia. :</subfield><subfield code="b">[s.n.],</subfield><subfield code="c">1964-1969.</subfield></datafield><datafield ind1=" " ind2=" " tag="300"><subfield code="a">5 v.</subfield></datafield><datafield ind1=" " ind2=" " tag="310"><subfield code="a">Weekly</subfield></datafield><datafield ind1="0" ind2=" " tag="362"><subfield code="a">Vol. 92, no. 3 (Sept. 16, 1964)-v. 96, no. 25 (Feb. 19, 1969).</subfield></datafield><datafield ind1=" " ind2=" " tag="500"><subfield code="a">Includes weekly sections called: New Hartford review, 1964-&lt;Aug. 1968&gt;; Aplington news, &lt;Oct. 25, 1967&gt;-1969.</subfield></datafield><datafield ind1=" " ind2=" " tag="752"><subfield code="a">United States</subfield><subfield code="b">Iowa</subfield><subfield code="c">Butler</subfield><subfield code="d">Parkersburg.</subfield></datafield><datafield ind1=" " ind2=" " tag="752"><subfield code="a">United States</subfield><subfield code="b">Iowa</subfield><subfield code="c">Butler</subfield><subfield code="d">New Hartford.</subfield></datafield><datafield ind1=" " ind2=" " tag="752"><subfield code="a">United States</subfield><subfield code="b">Iowa</subfield><subfield code="c">Butler</subfield><subfield code="d">Aplington.</subfield></datafield><datafield ind1="0" ind2="0" tag="780"><subfield code="t">Parkersburg eclipse (Parkersburg, Iowa : 1962)</subfield><subfield code="w">(DLC)sn 87058427</subfield></datafield><datafield ind1="0" ind2="0" tag="785"><subfield code="t">Eclipse-news-review</subfield><subfield code="w">(DLC)sn 87058429</subfield></datafield><datafield ind1="1" ind2=" " tag="787"><subfield code="t">New Hartford review</subfield></datafield><datafield ind1="1" ind2=" " tag="787"><subfield code="t">Aplington news</subfield></datafield></record>